########## WWWWWW #################
@ARTICLE{2023JOSS....8.5312W,
       author = {{Walmsley}, Mike and {Allen}, Campbell and {Aussel}, Ben and {Bowles}, Micah and {Gregorowicz}, Kasia and {Slijepcevic}, Inigo and {Lintott}, Chris and {Scaife}, Anna and {Jab{\l}o{\'n}ska}, Maja and {Karchev}, Kosio and {Lanzieri}, Denise and {Mohan}, Devina and {O'Ryan}, David and {Saiguhan}, Bharath and {Su{\'a}rez}, Crisel and {Guerra-Varas}, Nicol{\'a}s and {Velu}, Renuka},
        title = "{Zoobot: Adaptable Deep Learning Models for Galaxy Morphology}",
      journal = {The Journal of Open Source Software},
     keywords = {galaxy morphology, Python, deep learning, citizen science, Jupyter Notebook, statistics, astronomy, Dockerfile, HCL},
         year = 2023,
        month = may,
       volume = {8},
       number = {85},
          eid = {5312},
        pages = {5312},
          doi = {10.21105/joss.05312},
       adsurl = {https://ui.adsabs.harvard.edu/abs/2023JOSS....8.5312W},
      adsnote = {Provided by the SAO/NASA Astrophysics Data System}
}

@ARTICLE{2022MNRAS.509.3966W,
       author = {{Walmsley}, Mike and {Lintott}, Chris and {G{\'e}ron}, Tobias and {Kruk}, Sandor and {Krawczyk}, Coleman and {Willett}, Kyle W. and {Bamford}, Steven and {Kelvin}, Lee S. and {Fortson}, Lucy and {Gal}, Yarin and {Keel}, William and {Masters}, Karen L. and {Mehta}, Vihang and {Simmons}, Brooke D. and {Smethurst}, Rebecca and {Smith}, Lewis and {Baeten}, Elisabeth M. and {Macmillan}, Christine},
        title = "{Galaxy Zoo DECaLS: Detailed visual morphology measurements from volunteers and deep learning for 314 000 galaxies}",
      journal = {\mnras},
     keywords = {methods: data analysis, galaxies: bar, galaxies: general, galaxies: interactions, Astrophysics - Astrophysics of Galaxies, Computer Science - Computer Vision and Pattern Recognition},
         year = 2022,
        month = jan,
       volume = {509},
       number = {3},
        pages = {3966-3988},
          doi = {10.1093/mnras/stab2093},
archivePrefix = {arXiv},
       eprint = {2102.08414},
 primaryClass = {astro-ph.GA},
       adsurl = {https://ui.adsabs.harvard.edu/abs/2022MNRAS.509.3966W},
      adsnote = {Provided by the SAO/NASA Astrophysics Data System}
}

@ARTICLE{2023ApJ...948...40O,
       author = {{O'Ryan}, David and {Mer{\'\i}n}, Bruno and {Simmons}, Brooke D. and {Vojtekov{\'a}}, Ant{\'o}nia and {Anku}, Anna and {Walmsley}, Mike and {Garland}, Izzy L. and {G{\'e}ron}, Tobias and {Keel}, William and {Kruk}, Sandor and {Lintott}, Chris J. and {Mantha}, Kameswara Bharadwaj and {Masters}, Karen L. and {Reerink}, Jan and {Smethurst}, Rebecca J. and {Thorne}, Matthew R.},
        title = "{Harnessing the Hubble Space Telescope Archives: A Catalog of 21,926 Interacting Galaxies}",
      journal = {\apj},
     keywords = {Interacting galaxies, Computational methods, Catalogs, 802, 1965, 205, Astrophysics - Astrophysics of Galaxies, Astrophysics - Instrumentation and Methods for Astrophysics},
         year = 2023,
        month = may,
       volume = {948},
       number = {1},
          eid = {40},
        pages = {40},
          doi = {10.3847/1538-4357/acc0ff},
archivePrefix = {arXiv},
       eprint = {2303.00366},
 primaryClass = {astro-ph.GA},
       adsurl = {https://ui.adsabs.harvard.edu/abs/2023ApJ...948...40O},
      adsnote = {Provided by the SAO/NASA Astrophysics Data System}
}

@ARTICLE{2016ApJS..224...24L,
       author = {{Laigle}, C. and {McCracken}, H.~J. and {Ilbert}, O. and {Hsieh}, B.~C. and {Davidzon}, I. and {Capak}, P. and {Hasinger}, G. and {Silverman}, J.~D. and {Pichon}, C. and {Coupon}, J. and {Aussel}, H. and {Le Borgne}, D. and {Caputi}, K. and {Cassata}, P. and {Chang}, Y. -Y. and {Civano}, F. and {Dunlop}, J. and {Fynbo}, J. and {Kartaltepe}, J.~S. and {Koekemoer}, A. and {Le F{\`e}vre}, O. and {Le Floc'h}, E. and {Leauthaud}, A. and {Lilly}, S. and {Lin}, L. and {Marchesi}, S. and {Milvang-Jensen}, B. and {Salvato}, M. and {Sanders}, D.~B. and {Scoville}, N. and {Smolcic}, V. and {Stockmann}, M. and {Taniguchi}, Y. and {Tasca}, L. and {Toft}, S. and {Vaccari}, Mattia and {Zabl}, J.},
        title = "{The COSMOS2015 Catalog: Exploring the 1 < z < 6 Universe with Half a Million Galaxies}",
      journal = {\apjs},
     keywords = {catalogs, galaxies: evolution, galaxies: high-redshift, galaxies: photometry, methods: observational, techniques: photometric, Astrophysics - Astrophysics of Galaxies, Astrophysics - Cosmology and Nongalactic Astrophysics},
         year = 2016,
        month = jun,
       volume = {224},
       number = {2},
          eid = {24},
        pages = {24},
          doi = {10.3847/0067-0049/224/2/24},
archivePrefix = {arXiv},
       eprint = {1604.02350},
 primaryClass = {astro-ph.GA},
       adsurl = {https://ui.adsabs.harvard.edu/abs/2016ApJS..224...24L},
      adsnote = {Provided by the SAO/NASA Astrophysics Data System}
}

@ARTICLE{2022ApJS..258...11W,
       author = {{Weaver}, J.~R. and {Kauffmann}, O.~B. and {Ilbert}, O. and {McCracken}, H.~J. and {Moneti}, A. and {Toft}, S. and {Brammer}, G. and {Shuntov}, M. and {Davidzon}, I. and {Hsieh}, B.~C. and {Laigle}, C. and {Anastasiou}, A. and {Jespersen}, C.~K. and {Vinther}, J. and {Capak}, P. and {Casey}, C.~M. and {McPartland}, C.~J.~R. and {Milvang-Jensen}, B. and {Mobasher}, B. and {Sanders}, D.~B. and {Zalesky}, L. and {Arnouts}, S. and {Aussel}, H. and {Dunlop}, J.~S. and {Faisst}, A. and {Franx}, M. and {Furtak}, L.~J. and {Fynbo}, J.~P.~U. and {Gould}, K.~M.~L. and {Greve}, T.~R. and {Gwyn}, S. and {Kartaltepe}, J.~S. and {Kashino}, D. and {Koekemoer}, A.~M. and {Kokorev}, V. and {Le F{\`e}vre}, O. and {Lilly}, S. and {Masters}, D. and {Magdis}, G. and {Mehta}, V. and {Peng}, Y. and {Riechers}, D.~A. and {Salvato}, M. and {Sawicki}, M. and {Scarlata}, C. and {Scoville}, N. and {Shirley}, R. and {Silverman}, J.~D. and {Sneppen}, A. and {SmolcÌ†i{\'c}}, V. and {Steinhardt}, C. and {Stern}, D. and {Tanaka}, M. and {Taniguchi}, Y. and {Teplitz}, H.~I. and {Vaccari}, M. and {Wang}, W. -H. and {Zamorani}, G.},
        title = "{COSMOS2020: A Panchromatic View of the Universe to z 10 from Two Complementary Catalogs}",
      journal = {\apjs},
     keywords = {205, 1671, 594, 734, 1234, 1145, 1043, Astrophysics - Astrophysics of Galaxies, Astrophysics - Cosmology and Nongalactic Astrophysics},
         year = 2022,
        month = jan,
       volume = {258},
       number = {1},
          eid = {11},
        pages = {11},
          doi = {10.3847/1538-4365/ac3078},
archivePrefix = {arXiv},
       eprint = {2110.13923},
 primaryClass = {astro-ph.GA},
       adsurl = {https://ui.adsabs.harvard.edu/abs/2022ApJS..258...11W},
      adsnote = {Provided by the SAO/NASA Astrophysics Data System}
}

@ARTICLE{2022ApJ...940....4S,
       author = {{Shah}, Ekta A. and {Kartaltepe}, Jeyhan S. and {Magagnoli}, Christina T. and {Cox}, Isabella G. and {Wetherell}, Caleb T. and {Vanderhoof}, Brittany N. and {Cooke}, Kevin C. and {Calabro}, Antonello and {Chartab}, Nima and {Conselice}, Christopher J. and {Croton}, Darren J. and {de la Vega}, Alexander and {Hathi}, Nimish P. and {Ilbert}, Olivier and {Inami}, Hanae and {Kocevski}, Dale D. and {Koekemoer}, Anton M. and {Lemaux}, Brian C. and {Lubin}, Lori and {Mantha}, Kameswara Bharadwaj and {Marchesi}, Stefano and {Martig}, Marie and {Moreno}, Jorge and {Pampliega}, Belen Alcalde and {Patton}, David R. and {Salvato}, Mara and {Treister}, Ezequiel},
        title = "{Investigating the Effect of Galaxy Interactions on Star Formation at 0.5 < z < 3.0}",
      journal = {\apj},
     keywords = {Galaxies, Galaxy interactions, Galaxy mergers, Galaxy evolution, 573, 600, 608, 594, Astrophysics - Astrophysics of Galaxies},
         year = 2022,
        month = nov,
       volume = {940},
       number = {1},
          eid = {4},
        pages = {4},
          doi = {10.3847/1538-4357/ac96eb},
archivePrefix = {arXiv},
       eprint = {2209.15587},
 primaryClass = {astro-ph.GA},
       adsurl = {https://ui.adsabs.harvard.edu/abs/2022ApJ...940....4S},
      adsnote = {Provided by the SAO/NASA Astrophysics Data System}
}


@ARTICLE{1966ApJS...14....1A,
       author = {{Arp}, Halton},
        title = "{Atlas of Peculiar Galaxies}",
      journal = {\apjs},
         year = 1966,
        month = nov,
       volume = {14},
        pages = {1},
          doi = {10.1086/190147},
       adsurl = {https://ui.adsabs.harvard.edu/abs/1966ApJS...14....1A},
      adsnote = {Provided by the SAO/NASA Astrophysics Data System}
}

@ARTICLE{2004AJ....128..163L,
       author = {{Lotz}, Jennifer M. and {Primack}, Joel and {Madau}, Piero},
        title = "{A New Nonparametric Approach to Galaxy Morphological Classification}",
      journal = {\aj},
     keywords = {Galaxies: Fundamental Parameters, Galaxies: High-Redshift, Galaxies: Peculiar, Galaxies: Structure, Astrophysics},
         year = 2004,
        month = jul,
       volume = {128},
       number = {1},
        pages = {163-182},
          doi = {10.1086/421849},
archivePrefix = {arXiv},
       eprint = {astro-ph/0311352},
 primaryClass = {astro-ph},
       adsurl = {https://ui.adsabs.harvard.edu/abs/2004AJ....128..163L},
      adsnote = {Provided by the SAO/NASA Astrophysics Data System}
}

